@misc{halfspace,
    author = "Weissten, Eric w",
    title = " MathWorld",
    year = "2021",
    url  = "https://mathworld.wolfram.com/Half-Space.html"
}

