@misc{threshold-definition,
    author = "WordNet.Princeton University",
    year = "2010",
    title = "definition of threshold functions"
}

@book{rudin-lebesgue,
    title = "Principles of mathematical analysis",
    year = "1964",
    pages " 300--313",
    publisher = "McGraw-Hill"
} 