%----- Teoría de la aproximación -----
% Texto principal del que se ha sacado 
@book{the-elements-of-real-analysis,
  title={The elements of real analysis},
  author={Robert G. Bartle},
  year={1947},
  publisher={John. Wiley \& Sons}
}

% ---------- Introducción a las redes neuronales -------

@book{learning-from-data-1-2,
  title={Learning From Data: Concepts, Theory, and Methods},
  author={Vladimir Cherkassky and Filip Mulier},
  year={2007},
  publisher={John. Wiley \& Sons},
  edition        = {2}, 
  chapter        = {1,2},
}

@online{e-chapter-7-neural-networks,
  author = { Yaser Abu-Mostafa, Malik Magdon-Ismail, Hsuan-Tien Li},
  title = {{Neural Networks}},
  year = {2015},
  urldate = {Jan-2015},
  chapter = {7},
}

% historia redes neuronales  
@online{hisour,
  author = {Hisour},
  title = {Nocción del aprendizaje automático},
  year = 2021,
  url = {https://www.hisour.com/es/machine-learning-42773/},
  urldate = {2021-11-27}
}

@online{samuel-wikipedia,
  author= {Wikipedia. Arthur Samuel},
  url = {https://en.wikipedia.org/wiki/Arthur_Samuel},
  urldate = {2021-11-30}
}
@book{tom-michell-machine-learning,
   title={Machine Learing},
   author={Tom Mitchell},
   year={1997},
   publisher={McGraw},
    url = {https://www.cs.cmu.edu/afs/cs.cmu.edu/user/mitchell/ftp/mlbook.html},
}
@online{mitchell-wikipedia,
  author= {Wikipedia. Tom Mitchell},
  url = {https://en.wikipedia.org/wiki/Tom_M._Mitchell},
  urldate = {2021-11-30}
}

%%%%%%%%%%%%%%%%%% metodología %%%%%%%%%%%%%%
%% Descripción del desarrollo ágil en la ciencia
@article{DBLP:journals/corr/abs-2104-12545,
  author    = {Juan Juli{\'{a}}n Merelo Guerv{\'{o}}s},
  title     = {Agile (data) science: a (draft) manifesto},
  journal   = {CoRR},
  volume    = {abs/2104.12545},
  year      = {2021},
  url       = {https://arxiv.org/abs/2104.12545},
  eprinttype = {arXiv},
  eprint    = {2104.12545},
  timestamp = {Mon, 03 May 2021 17:38:30 +0200},
  biburl    = {https://dblp.org/rec/journals/corr/abs-2104-12545.bib},
  bibsource = {dblp computer science bibliography, https://dblp.org}
}

% sobre cómo hacer un TFG
@online{que-es-un-trabajo-fin-de-x,
  author= {Juan Juli{\'{a}}n Merelo Guerv{\'{o}}s},
  title ={Cómo llevar a término un TFG/TFM en informática},
  url = {https://jj.github.io/que-es-un-trabajo-fin-de-x/tf.html},
  urldate = {2022-02-05}
}
%%--- PRÁCTICAS ÁGILES ---------------
% sobre metodología de personas 
% https://www.interaction-design.org/literature/article/personas-why-and-how-you-should-use-them
@online{personas-why-and-how-you-should-use-them,
  author= {Rikke Friis Dam and Teo Yu Siang |},
  title ={Personas – A Simple Introduction},
  url = {https://www.interaction-design.org/literature/article/personas-why-and-how-you-should-use-them},
  urldate = {2022-02-05}
}
% - 12 principios manifiesto agil 
% https://agilemanifesto.org/iso/es/principles.html
@online{principios-manifiesto-agil,
  author= {	{Kent Beck,
Mike Beedle,
Arie van Bennekum,
Alistair Cockburn,
Ward Cunningham,
Martin Fowler,
James Grenning,
Jim Highsmith,
Andrew Hunt,
Ron Jeffries,
Jon Kern,
Brian Marick,
Robert C. Martin,
Steve Mellor,
Ken Schwaber,
Jeff Sutherland,
Dave Thomas}},
  title ={Principios del Manifiesto Ágil},
  url = {https://agilemanifesto.org/iso/es/principles.html},
  urldate = {2022-02-19}
}
% --- Por qué ágil no es una metodología 
@online{why-agile-is-not-a-methodology-1,
  author= {Charlie Rudd },
  title ={Why Agile is Not a Methodology},
  url = {https://www.solutionsiq.com/resource/blog-post/why-agile-is-not-a-methodology/},
  urldate = {2022-02-19}
}
@online{why-agile-is-not-a-methodology-2,
  author= {Geert Bossuyt},
  title ={Agile is not a methodology, it's a mindset !},
  url = {https://xebia.com/agile-is-not-a-methodology-its-a-mindset/},
  urldate = {2022-02-19}
}

% mi repositorio de github :D
% https://github.com/BlancaCC/TFG-Estudio-de-las-redes-neuronales
@online{TFG-Estudio-de-las-redes-neuronales,
  author= {Blanca Cano Camarero, Juan Juli{\'{a}}n Merelo Guerv{\'{o}}s, Francisco Javier Mer{\'{i}} de la Maza },
  title ={Github, repositorio: Estudio de las redes neuronales},
  url = {https://github.com/BlancaCC/TFG-Estudio-de-las-redes-neuronales},
  urldate = {2022-02-05}
}
% HISTORIAS DE USUARIO 
% HU 01
@online{TFG-Estudio-de-las-redes-neuronales-HU01,
  author= {Blanca Cano Camarero, Juan Juli{\'{a}}n Merelo Guerv{\'{o}}s},
  title ={Github, repositorio: Estudio de las redes neuronales, Historia de usuario 1},
  url = {https://github.com/BlancaCC/TFG-Estudio-de-las-redes-neuronales/issues/48},
  urldate = {2022-02-13}
}
% HU 06
@online{TFG-Estudio-de-las-redes-neuronales-HU02,
  author= {Blanca Cano Camarero, Juan Juli{\'{a}}n Merelo Guerv{\'{o}}s},
  title ={Github, repositorio: Estudio de las redes neuronales, Historia de usuario 2},
  url = {https://github.com/BlancaCC/TFG-Estudio-de-las-redes-neuronales/issues/65},
  urldate = {2022-02-13}
}
% HU 03
@online{TFG-Estudio-de-las-redes-neuronales-HU03,
  author= {Blanca Cano Camarero, Juan Juli{\'{a}}n Merelo Guerv{\'{o}}s},
  title ={Github, repositorio: Estudio de las redes neuronales, Historia de usuario 3},
  url = {https://github.com/BlancaCC/TFG-Estudio-de-las-redes-neuronales/issues/50},
  urldate = {2022-02-13}
}
% HU 04
@online{TFG-Estudio-de-las-redes-neuronales-HU04,
  author= {Blanca Cano Camarero, Juan Juli{\'{a}}n Merelo Guerv{\'{o}}s},
  title ={Github, repositorio: Estudio de las redes neuronales, Historia de usuario 4},
  url = {https://github.com/BlancaCC/TFG-Estudio-de-las-redes-neuronales/issues/51},
  urldate = {2022-02-13}
}
% HU 05
@online{TFG-Estudio-de-las-redes-neuronales-HU05,
  author= {Blanca Cano Camarero, Juan Juli{\'{a}}n Merelo Guerv{\'{o}}s},
  title ={Github, repositorio: Estudio de las redes neuronales, Historia de usuario 5},
  url = {https://github.com/BlancaCC/TFG-Estudio-de-las-redes-neuronales/issues/64},
  urldate = {2022-02-13}
}
% HU 06
@online{TFG-Estudio-de-las-redes-neuronales-HU06,
  author= {Blanca Cano Camarero, Juan Juli{\'{a}}n Merelo Guerv{\'{o}}s},
  title ={Github, repositorio: Estudio de las redes neuronales, Historia de usuario 6},
  url = {https://github.com/BlancaCC/TFG-Estudio-de-las-redes-neuronales/issues/49},
  urldate = {2022-02-13}
}

%% Milestone
@online{TFG-Estudio-de-las-redes-neuronales-milestones,
  author= {Blanca Cano Camarero, Juan Juli{\'{a}}n Merelo Guerv{\'{o}}s, Francisco Javier Mer{\'{i}} de la Maza},
  title ={Github, repositorio: Estudio de las redes neuronales, Milestone},
  url = {https://github.com/BlancaCC/TFG-Estudio-de-las-redes-neuronales/milestones},
  urldate = {2022-02-13}
}

%%%%%% registro del número de horas de trabajo %%%%%%%%%%%%%
%% hoja de cálculo 
%% https://docs.google.com/spreadsheets/d/1TCcKQIKjKW9sMSU2f6obN9gHgv3c8UEdjmONkBlv42M/edit?usp=sharing
@online{TFG-hoja-calculo-horas-trabajo,
  author= {Blanca Cano Camarero},
  title ={Registro de trabajo en hoja de cálculo},
  url = {https://docs.google.com/spreadsheets/d/1TCcKQIKjKW9sMSU2f6obN9gHgv3c8UEdjmONkBlv42M/edit?usp=sharing},
  urldate = {2022-02-05}
}